@article{kerbosch,
       author={Coen Bron and Joep Kerbosch},
       title={Finding All Cliques of an Undirected Graph},
       journal={CACM},
       volume={16},
       year = 1973,
       issue={9}
     }

@online{robson,
author = {J. M. Robson},
title = {Finding a maximum independent set in time O(2n/4)},
url = {http://www.win.tue.nl/~gwoegi/AC/karp-1971.pdf}
}

@online{karp,
author = {Richard Karp},
title = {Reducibility Among Combinatorial Problems},
url = {http://www.win.tue.nl/~gwoegi/AC/karp-1971.pdf}
}
@online{bron-kerbosch,
author = {Alessio Conte},
title = {Review of the Bron-Kerbosch algorithm and variations},
url = {http://www.dcs.gla.ac.uk/~pat/jchoco/clique/enumeration/report.pdf}
}

@online{tomita,
author = {Etsuji Tomita},
title = {The worst-case time complexity for generating all maximal cliques
and computational experiments},
url = {http://snap.stanford.edu/class/cs224w-readings/tomita06cliques.pdf}
}

@online{jgrapht,
author = {Barak Naveh},
title = {JGraphT},
url = {https://github.com/jgrapht/jgrapht}
}

@online{dimacs,
title = {DIMACS Benchmark Set},
url = {http://iridia.ulb.ac.be/~fmascia/maximum_clique/}
}

@online{bioinf,
title = {Efficient Algorithms for Finding Maximum und Maximal Cliques},
url = {http://bit.ly/17UXTCP}
}

@online{dimacs_format,
title = {DIMACS standard format},
url = {http://mat.gsia.cmu.edu/COLOR/general/ccformat.ps}
}

@online{rx,
author = {Netflix},
title = {RxJava},
url = {https://github.com/Netflix/RxJava/wiki}
}